<record><leader>00000cas a22000007a 4500</leader><controlfield tag="001">14472744</controlfield><controlfield tag="008">861022d19uu1968txuwr ne      0    0eng d</controlfield><datafield ind1=" " ind2=" " tag="010"><subfield code="a">sn 86089760 </subfield></datafield><datafield ind1=" " ind2=" " tag="040"><subfield code="a">PPM</subfield><subfield code="b">eng</subfield><subfield code="c">PPM</subfield><subfield code="d">OCLCQ</subfield></datafield><datafield ind1=" " ind2=" " tag="042"><subfield code="a">msc</subfield></datafield><datafield ind1="0" ind2="0" tag="245"><subfield code="a">Mt. Pleasant times review.</subfield></datafield><datafield ind1="3" ind2="0" tag="246"><subfield code="a">Mount Pleasant times review</subfield></datafield><datafield ind1="1" ind2="7" tag="246"><subfield code="a">Times review</subfield></datafield><datafield ind1=" " ind2=" " tag="260"><subfield code="a">Mount Pleasant, Tex. :</subfield><subfield code="b">Times Review Pub. Co.</subfield></datafield><datafield ind1=" " ind2=" " tag="300"><subfield code="a">v. :</subfield><subfield code="b">ill. ;</subfield><subfield code="c">55 cm.</subfield></datafield><datafield ind1=" " ind2=" " tag="310"><subfield code="a">Weekly</subfield></datafield><datafield ind1="1" ind2=" " tag="362"><subfield code="a">Ceased in 1968.</subfield></datafield><datafield ind1=" " ind2=" " tag="588"><subfield code="a">Description based on: Vol. 64, no. 38 (Feb. 25, 1938).</subfield></datafield><datafield ind1=" " ind2=" " tag="752"><subfield code="a">United States</subfield><subfield code="b">Texas</subfield><subfield code="c">Titus</subfield><subfield code="d">Mount Pleasant.</subfield></datafield><datafield ind1="0" ind2=" " tag="775"><subfield code="t">Mount Pleasant times</subfield><subfield code="w">(DLC)sn 88083524</subfield></datafield><datafield ind1="0" ind2="0" tag="780"><subfield code="t">Times review (Mount Pleasant, Tex.)</subfield><subfield code="w">(DLC)sn 88083597</subfield></datafield><datafield ind1="0" ind2="7" tag="785"><subfield code="t">Mount Pleasant times</subfield><subfield code="w">(DLC)sn 88083524</subfield></datafield><datafield ind1="0" ind2="7" tag="785"><subfield code="t">Titus County tribune</subfield><subfield code="w">(DLC)sn 88083511</subfield></datafield><datafield ind1="0" ind2="7" tag="785"><subfield code="t">Mount Pleasant daily tribune</subfield><subfield code="w">(DLC)sn 88083525</subfield></datafield></record>